@article{ImportanceOfImageProcessing,
  author = {Benchamardimath Basavaprasad and Hegadi Ravindra},
  journal = {International Journal of Research in Engineering and Technology},
  title = {A STUDY ON THE IMPORTANCE OF IMAGE PROCESSING AND ITS APLLICATIONS},
  year = {2014},
  month = {05},
  day = {25},
  pages = {155-160},
  volume = {03},
  number = {15},
  issn = {23217308},
  urldate = {2024-03-16},
  doi = {10.15623/ijret.2014.0315029},
  url = {https://ijret.org/volumes/2014v03/i15/IJRET20140315029.pdf},
}
